<record><leader>00000cas a2200000 a 4500</leader><controlfield tag="001">12016276</controlfield><controlfield tag="008">850509d19731986caudr ne      0   a0eng c</controlfield><datafield ind1=" " ind2=" " tag="010"><subfield code="a">sn 85009403 </subfield></datafield><datafield ind1=" " ind2=" " tag="040"><subfield code="a">NSD</subfield><subfield code="b">eng</subfield><subfield code="c">NSD</subfield><subfield code="d">CNK</subfield><subfield code="d">OCLCQ</subfield><subfield code="d">OCLCF</subfield><subfield code="d">OCLCO</subfield></datafield><datafield ind1="1" ind2=" " tag="022"><subfield code="a">8750-9946</subfield><subfield code="l">8750-9946</subfield><subfield code="2">1</subfield></datafield><datafield ind1=" " ind2=" " tag="037"><subfield code="b">The Herald, P.O. Box 3000, Dublin, CA 94568-0300</subfield></datafield><datafield ind1=" " ind2=" " tag="042"><subfield code="a">nsdp</subfield><subfield code="a">pcc</subfield></datafield><datafield ind1=" " ind2="4" tag="222"><subfield code="a">The Tri-valley herald</subfield><subfield code="b">(1985)</subfield></datafield><datafield ind1="0" ind2="4" tag="245"><subfield code="a">The Tri-valley herald.</subfield></datafield><datafield ind1="1" ind2=" " tag="246"><subfield code="i">Published as:</subfield><subfield code="a">Herald</subfield><subfield code="f">Jan. 8-Apr. 2, 1981</subfield></datafield><datafield ind1=" " ind2=" " tag="260"><subfield code="a">Livermore, CA :</subfield><subfield code="b">Bay Area Pub. Co.,</subfield></datafield><datafield ind1=" " ind2=" " tag="310"><subfield code="a">Daily</subfield></datafield><datafield ind1="0" ind2=" " tag="362"><subfield code="a">Vol. 99, no. 95 (Sept. 14, 1973)-113th year, no. 128 (Sept. 20, 1986).</subfield></datafield><datafield ind1=" " ind2=" " tag="500"><subfield code="a">Published in several local editions.</subfield></datafield><datafield ind1=" " ind2=" " tag="515"><subfield code="a">Numbering is irregular.</subfield></datafield><datafield ind1=" " ind2=" " tag="530"><subfield code="a">Master negatives are available for duplication from:</subfield><subfield code="b">California Newspaper Microfilm Archive;</subfield><subfield code="c">positive copies may be purchased by the reel; for further information consult the CNMA at:</subfield><subfield code="u">http://cbsr.ucr.edu</subfield></datafield><datafield ind1=" " ind2="0" tag="651"><subfield code="a">Livermore (Calif.)</subfield><subfield code="v">Newspapers.</subfield></datafield><datafield ind1=" " ind2="0" tag="651"><subfield code="a">Dublin (Calif.)</subfield><subfield code="v">Newspapers.</subfield></datafield><datafield ind1=" " ind2="7" tag="655"><subfield code="a">Newspapers.</subfield><subfield code="2">fast</subfield><subfield code="0">(OCoLC)fst01423814</subfield></datafield><datafield ind1=" " ind2="7" tag="651"><subfield code="a">California</subfield><subfield code="z">Dublin.</subfield><subfield code="2">fast</subfield><subfield code="0">(OCoLC)fst01214368</subfield></datafield><datafield ind1=" " ind2="7" tag="651"><subfield code="a">California</subfield><subfield code="z">Livermore.</subfield><subfield code="2">fast</subfield><subfield code="0">(OCoLC)fst01205340</subfield></datafield><datafield ind1=" " ind2=" " tag="752"><subfield code="a">United States</subfield><subfield code="b">California</subfield><subfield code="c">Alameda</subfield><subfield code="d">Livermore.</subfield></datafield><datafield ind1="0" ind2="0" tag="780"><subfield code="t">Tri-valley herald and news</subfield><subfield code="w">(DLC)sn 98061770</subfield></datafield><datafield ind1="0" ind2="4" tag="785"><subfield code="t">Herald (Hayward, Calif.)</subfield><subfield code="x">1046-865X</subfield><subfield code="w">(DLC)sn 89008577</subfield></datafield><datafield ind1=" " ind2=" " tag="936"><subfield code="a">Feb. 15, 1985</subfield></datafield></record>